<?xml version="1.0" encoding="UTF-8"?>
  <record xmlns="http://www.loc.gov/MARC21/slim" type="Authority">
    <leader>00000nz  a2200000nc 4500</leader>
    <controlfield tag="001">118708597</controlfield>
    <controlfield tag="003">DE-101</controlfield>
    <controlfield tag="005">20161118150545.0</controlfield>
    <controlfield tag="008">880701n||azznnaabn           | aaa    |c</controlfield>
    <datafield tag="024" ind1="7" ind2=" ">
      <subfield code="a">118708597</subfield>
      <subfield code="0">http://d-nb.info/gnd/118708597</subfield>
      <subfield code="2">gnd</subfield>
    </datafield>
    <datafield tag="035" ind1=" " ind2=" ">
      <subfield code="a">(DE-101)118708597</subfield>
    </datafield>
    <datafield tag="035" ind1=" " ind2=" ">
      <subfield code="a">(DE-588)118708597</subfield>
    </datafield>
    <datafield tag="035" ind1=" " ind2=" ">
      <subfield code="z">(DE-588a)118708597</subfield>
      <subfield code="9">v:zg</subfield>
    </datafield>
    <datafield tag="035" ind1=" " ind2=" ">
      <subfield code="z">(DE-588c)4095882-6</subfield>
      <subfield code="9">v:zg</subfield>
    </datafield>
    <datafield tag="040" ind1=" " ind2=" ">
      <subfield code="a">DE-101</subfield>
      <subfield code="c">DE-101</subfield>
      <subfield code="9">r:DE-101</subfield>
      <subfield code="b">ger</subfield>
      <subfield code="d">1600</subfield>
    </datafield>
    <datafield tag="042" ind1=" " ind2=" ">
      <subfield code="a">gnd1</subfield>
    </datafield>
    <datafield tag="043" ind1=" " ind2=" ">
      <subfield code="c">XA-CH</subfield>
    </datafield>
    <datafield tag="065" ind1=" " ind2=" ">
      <subfield code="a">3.6p</subfield>
      <subfield code="2">sswd</subfield>
    </datafield>
    <datafield tag="075" ind1=" " ind2=" ">
      <subfield code="b">p</subfield>
      <subfield code="2">gndgen</subfield>
    </datafield>
    <datafield tag="075" ind1=" " ind2=" ">
      <subfield code="b">piz</subfield>
      <subfield code="2">gndspec</subfield>
    </datafield>
    <datafield tag="079" ind1=" " ind2=" ">
      <subfield code="a">g</subfield>
      <subfield code="q">s</subfield>
      <subfield code="q">f</subfield>
      <subfield code="u">w</subfield>
    </datafield>
    <datafield tag="100" ind1="0" ind2=" ">
      <subfield code="a">Ida</subfield>
      <subfield code="c">von Toggenburg, Heilige</subfield>
      <subfield code="d">-1226</subfield>
    </datafield>
    <datafield tag="400" ind1="0" ind2=" ">
      <subfield code="a">Idda</subfield>
      <subfield code="c">von Toggenburg, Heilige</subfield>
      <subfield code="d">-1226</subfield>
    </datafield>
    <datafield tag="400" ind1="0" ind2=" ">
      <subfield code="a">Ydda</subfield>
      <subfield code="c">von Toggenburg, Heilige</subfield>
      <subfield code="d">-1226</subfield>
    </datafield>
    <datafield tag="400" ind1="0" ind2=" ">
      <subfield code="a">Ida</subfield>
      <subfield code="c">von Fischingen, Heilige</subfield>
      <subfield code="d">-1226</subfield>
    </datafield>
    <datafield tag="400" ind1="0" ind2=" ">
      <subfield code="a">Idda</subfield>
      <subfield code="c">Heilige</subfield>
      <subfield code="d">-1226</subfield>
      <subfield code="9">v:Schweizer Lex.</subfield>
    </datafield>
    <datafield tag="400" ind1="0" ind2=" ">
      <subfield code="a">Ita</subfield>
      <subfield code="c">von Fischingen, Heilige</subfield>
      <subfield code="d">-1226</subfield>
    </datafield>
    <datafield tag="400" ind1="0" ind2=" ">
      <subfield code="a">Itha</subfield>
      <subfield code="c">von Fischingen, Heilige</subfield>
      <subfield code="d">-1226</subfield>
    </datafield>
    <datafield tag="400" ind1="0" ind2=" ">
      <subfield code="a">Idda"</subfield>
      <subfield code="c">von Fischingen, Heilige</subfield>
      <subfield code="d">-1226</subfield>
    </datafield>
    <datafield tag="400" ind1="0" ind2=" ">
      <subfield code="a">Idda"</subfield>
      <subfield code="c">de Tockenburg, Heilige</subfield>
      <subfield code="d">-1226</subfield>
    </datafield>
    <datafield tag="400" ind1="1" ind2=" ">
      <subfield code="a">Tockenburg, Ida &#152;von&#156;</subfield>
      <subfield code="d">-1226</subfield>
    </datafield>
    <datafield tag="400" ind1="1" ind2=" ">
      <subfield code="a">Toggenburg, Idda &#152;von&#156;</subfield>
      <subfield code="d">-1226</subfield>
      <subfield code="9">v:Hist. Lex. Schweiz</subfield>
    </datafield>
    <datafield tag="400" ind1="0" ind2=" ">
      <subfield code="a">Itta</subfield>
      <subfield code="c">von Toggenburg, Heilige</subfield>
      <subfield code="d">-1226</subfield>
    </datafield>
    <datafield tag="400" ind1="0" ind2=" ">
      <subfield code="a">Itha</subfield>
      <subfield code="c">von Toggenburg, Heilige</subfield>
      <subfield code="d">-1226</subfield>
    </datafield>
    <datafield tag="400" ind1="0" ind2=" ">
      <subfield code="a">Itta</subfield>
      <subfield code="c">von Kirchberg, Heilige</subfield>
      <subfield code="d">-1226</subfield>
    </datafield>
    <datafield tag="400" ind1="0" ind2=" ">
      <subfield code="a">Itha</subfield>
      <subfield code="c">von Kirchberg, Heilige</subfield>
      <subfield code="d">-1226</subfield>
    </datafield>
    <datafield tag="400" ind1="0" ind2=" ">
      <subfield code="a">Yta</subfield>
      <subfield code="c">von Kirchberg, Heilige</subfield>
      <subfield code="d">-1226</subfield>
    </datafield>
    <datafield tag="400" ind1="1" ind2=" ">
      <subfield code="a">Kirchberg, Itta &#152;von&#156;</subfield>
      <subfield code="d">-1226</subfield>
    </datafield>
    <datafield tag="548" ind1=" " ind2=" ">
      <subfield code="a">-1226</subfield>
      <subfield code="4">datl</subfield>
      <subfield code="4">https://d-nb.info/standards/elementset/gnd#dateOfDeath</subfield>
      <subfield code="w">r</subfield>
      <subfield code="i">Lebensdaten</subfield>
    </datafield>
    <datafield tag="667" ind1=" " ind2=" ">
      <subfield code="a">VD-17</subfield>
    </datafield>
    <datafield tag="670" ind1=" " ind2=" ">
      <subfield code="a">B</subfield>
    </datafield>
    <datafield tag="678" ind1=" " ind2=" ">
      <subfield code="b">Ortsheilige von Fischingen, Einsiedlerin in Fischingen.  Urkundlich nicht belegt, erscheint erstmals 1481 in einer Vita</subfield>
    </datafield>
    <datafield tag="913" ind1=" " ind2=" ">
      <subfield code="S">pnd</subfield>
      <subfield code="i">5</subfield>
      <subfield code="a">Ida &lt;von Toggenburg&gt;</subfield>
      <subfield code="0">(DE-588a)118708597</subfield>
    </datafield>
  </record>
